@ONLINE{cisco_intro,
	author = "{Mason, Andrew G.}",
	title = {Cisco Secure Virtual Private Network. Cisco Press. p. 7. {[ONLINE]}},
	year = "2002",
	url = {http://www.ciscopress.com/store/cisco-secure-virtual-private-networks-9781587050336}
}

@ONLINE{microsoft_intro,
	author = "{Microsoft Corporation}",
	title = {Virtual Private Networking: An Overview {[ONLINE]}},
	year = "2001",
	url = {https://technet.microsoft.com/en-us/library/bb742566.aspx?f=255&MSPPError=-2147217396}
}

@ONLINE{netgear_vpn_basics,
	author = "{NETGEAR, Inc.}",
	title = {Virtual Private Networking Basics {[ONLINE]}},
	year = "2005",
	url = {http://documentation.netgear.com/reference/nld/vpn/pdfs/FullManual.pdf}
}
